% Encoding: UTF-8

@InBook{Januszewski2008,
  chapter   = {1},
  pages     = {1-14},
  title     = {Definition. In Educational Technology: A Definition with Commentary},
  publisher = {New York: Lawrence Erlbaum Associates},
  year      = {2008},
  author    = {Januszewski, A. and Molenda, M},
}

@InBook{Reiser2012,
  chapter   = {What field did you say you were in? Defining and naming our field},
  pages     = {1-7},
  title     = {Trends and issues in instructional design and Technology:},
  publisher = {Boston, MA: Pearson Education, Inc.},
  year      = {2012},
  author    = {R. A. Reiser and J. V. Dempsey},
  edition   = {3},
}

@InBook{Molenda2008,
  chapter   = {4},
  pages     = {81-83},
  title     = {In Educational Technology: A Definition with Commentary},
  publisher = {New York: Lawrence Erlbaum Associates},
  year      = {2008},
  author    = {Molenda, M. and Boling, E},
}

@Article{Skinner1954,
  author  = {Skinner, B.F.},
  title   = {The science of learning and the art of teaching},
  journal = {Harvard Educational Review},
  year    = {1954},
}

@InBook{Saettler1990c,
  chapter   = {10},
  pages     = {293},
  title     = {Behaviorism and educational technology: 1950 - 1980},
  publisher = {Englewood, CO: Libraries Unlimited},
  year      = {1990c},
  author    = {Saettler, P},
}

@InBook{Silber2006,
  chapter   = {Designing instructional strategies: A cognitive perspective},
  pages     = {371},
  title     = {Handbook of human performance technology},
  publisher = {San Francisco: Pfeiffer},
  year      = {2006},
  author    = {Silber, K. H. and Foshay, W. R},
}

@InBook{Wilson2012,
  chapter   = {Constructivism in practical and historical context},
  pages     = {45},
  title     = {Trends and issues in instructional design and technology},
  publisher = {Boston, MA: Pearson Education},
  year      = {2012},
  author    = {Wilson, B. G},
  edition   = {3},
}

@Article{Donner1993,
  author  = {R S Donner and H Bickley},
  title   = {Problem-based learning in American medical education: an overview},
  journal = {Bulletin of the Medical Library Association},
  year    = {1993},
  volume  = {81},
  number  = {3},
  pages   = {294-298},
}

@Article{DIMansur2012,
  author  = {DI Mansur, and SR Kayastha and R Makaju, and M Dongol},
  title   = {Problem Based Learning in Medical Education},
  journal = {Kathmandu University Medical Journal},
  year    = {2012},
  volume  = {10},
  number  = {4},
  pages   = {78-82},
}

@TechReport{Savery2001,
  author      = {Savery, J. R., and Duffy, T. M},
  title       = {Problem-based learning: An instructional model and its constructivist framework},
  institution = {Indiana University Bloomington},
  year        = {2001},
  number      = {16},
}

@Electronic{Wikipedia2017,
  author = {Wikipedia},
  year   = {2017},
  title  = {Education},
  url    = {https://en.wikipedia.org/wiki/Education},
}

@Electronic{Riegel2013,
  author       = {Jeffrey Riegel},
  year         = {2013},
  title        = {Confucius},
  organization = {Stanford Encyclopedia of Philosophy},
  url          = {https://plato.stanford.edu/entries/confucius/},
}

@Electronic{Burgess2011,
  author       = {Bob Burgess},
  year         = {2011},
  title        = {The Educational Theory of Socrates},
  organization = {NewFoundations},
  url          = {http://www.newfoundations.com/GALLERY/Socrates.html},
}

@Article{RaWski1979,
  author = {EVelyn Sakakida RaWski},
  title  = {Education and Popular Literacy in Ching China Michigan},
  year   = {1979},
}

@Article{Learning2016,
  author = {How Big Data Will Boost Learning and Teaching in Higher Education},
  title  = {Cogbooks},
  year   = {2016},
  url    = {https://www.cogbooks.com/2016/10/05/big-data-will-boost-learning-teaching-higher-education/},
}

@Article{Kerns2013,
  author = {Dan Kerns},
  title  = {10 Ways Big Data is Changing K-12 Education},
  year   = {2013},
  url    = {http://www.dreambox.com/blog/10-ways-big-data-changing-k-12-education-2},
}

@Article{Wood2003,
  author  = {Diana F Wood},
  title   = {ABC of learning and teaching in medicine},
  journal = {Clinical review},
  year    = {2003},
  volume  = {326},
  pages   = {328-329},
}

@Electronic{Schadt,
  author = {Eric Schadt},
  title  = {The role of big data in medicine},
  url    = {https://www.mckinsey.com/industries/pharmaceuticals-and-medical-products/our-insights/the-role-of-big-data-in-medicine},
}

@Electronic{Pal2016,
  author = {Kaushik Pal},
  year   = {2016},
  title  = {What is the influence of Big Data in Medicine?},
  url    = {https://www.kdnuggets.com/2016/03/influence-big-data-medicine.html},
}

@Article{Krumholz2014,
  author  = {Harlan M. Krumholz},
  title   = {Big Data And New Knowledge In Medicine: The Thinking, Training, And Tools Needed For A Learning Health System},
  journal = {Health Aff (Millwood)},
  year    = {2014},
}

@Article{Krawiec2017,
  author = {Tom Krawiec},
  title  = {The Amazon Recommendations Secret to Selling More Online},
  year   = {2017},
  url    = {http://rejoiner.com/resources/amazon-recommendations-secret-selling-online/},
}

@Article{Chen2012,
  author  = {Hsinchun Chen and Roger H. L. Chiang and Veda C. Storey},
  title   = {BUSINESS INTELLIGENCE AND ANALYTICS: FROM BIG DATA TO BIG IMPACT},
  journal = {MIS QUARTERLY},
  year    = {2012},
  volume  = {36},
  number  = {NO.4},
  pages   = {1168-1169},
  month   = dec,
}

@Article{Wikipedia2017,
  author = {Wikipedia},
  title  = {Dynamic Pricing},
  year   = {2017},
  url    = {https://en.wikipedia.org/wiki/Dynamic_pricing},
}

@Electronic{Marr2015,
  author = {Bernard Marr},
  year   = {2015},
  title  = {How Big Data Is Changing Healthcare},
  url    = {https://www.forbes.com/sites/bernardmarr/2015/04/21/how-big-data-is-changing-healthcare/#86305c528730},
}

@Electronic{clifton2008,
  author = {B Clifton},
  year   = {2008},
  url    = {http://www.ga-experts.com/web-data-sources.pdf},
}

@Article{Siemens2013,
  author  = {G Siemens},
  title   = {Learning analytics: The emergence of a discipline},
  journal = {American Behavioral Scientist},
  year    = {2013},
}

@Book{Jansen2009,
  title     = {Understanding user-web interactions via web analytics.},
  publisher = {San Rafael, CA: Morgan \& Claypool},
  year      = {2009},
  author    = {B Jansen},
}

@Article{Gunn2013,
  author  = {T Gunn and M Hollingsworth},
  title   = {The implementation andassessment of a shared 21st century learning vision: A districtbased approach},
  journal = {Journal of Research on Technology in Education},
  year    = {2013},
}

@Article{Hofer2012,
  author  = {M Hofer and N Grandgenett},
  title   = {TPACK development in teacher education: A longitudinal study of preservice teachers in a secondary M.A.Ed. Program},
  journal = {Journal of Research on Technology in Education},
  year    = {2012},
}

@Article{Kingsley2011,
  author  = {K Kingsley and J Brinkerhoff},
  title   = {Web 2.0 tools for authentic instruction, learning and assessment},
  journal = {Social Studies and the Young Learner},
  year    = {2011},
}

@Book{lankshear2006,
  title     = {New literacies: Everyday practices \& classroom learning (2nd ed.).},
  publisher = {New York, NY: Open University Press},
  year      = {2006},
  author    = {C Lankshear and M Knobel},
}

@Book{Maloy2014,
  title     = {Transforming learning with new technologies (2nd ed.)},
  publisher = {Boston, MA: Pearson},
  year      = {2014},
  author    = {R Maloy and R Verock-O'Loughlin and S Edwards and B Woolf},
}

@Book{Schrum2009,
  title     = {Leading 21st century schools: Harnessing technology for engagement and achievement},
  publisher = {Thousand Oaks, CA: Corwin},
  year      = {2009},
  author    = {L Schrum and B Levin},
}

@Article{Ferguson2012,
  author  = {R Ferguson},
  title   = {Learning analytics: Drivers, developments and challenges},
  journal = {International Journal of Technology Enhanced Learning},
  year    = {2012},
}

@InProceedings{Gray1998,
  author    = {J Gray and T Boyle and C Smith},
  title     = {A constructivist learning environment implemented in Java},
  booktitle = {Proceedings of the 6th Annual Conference on the Teaching of Computing and the 3rd Annual Conference on Integrating Technology Into Computer Science Education: Changing the delivery of computer science education (pp. 94â€“97)},
  year      = {1998},
}

@Article{Kim2013,
  author  = {M Kim and E Lee},
  title   = {A multidimensional analysis tool for visualizing online interactions},
  journal = {Journal of Educational Technology \& Society},
  year    = {2013},
}

@Article{Romero2008,
  author  = {C Romero and S Ventura and E Garcia},
  title   = {Data mining in course management systems: Moodle cases study and tutorial},
  journal = {Computers \& Education},
  year    = {2008},
}

@InProceedings{Rountree2005,
  author    = {J Rountree and N Rountree and A Robins and R Hannah},
  title     = {Observations of student competency in a CS1 course},
  booktitle = {Proceedings of the 7th Australasian Conference on Computing Education: Vol. 42},
  year      = {2005},
}

@Article{Shum2012,
  author  = {S Shum and R Ferguson},
  title   = {Social learning analytics},
  journal = {Journal of Educational Technology \& Society},
  year    = {2012},
}

@InProceedings{Watson2013,
  author    = {C Watson and F Li and J Godwin},
  title     = {Predicting performance in an introductory programming course by logging and analyzing student programming behavior},
  booktitle = {Proceedings of the International Conference on Advanced Learning Technologies},
  year      = {2013},
}

@Article{Aher2013,
  author  = {S Aher and L Lobo},
  title   = {Combination of machine learning algorithms for recommendation of courses in e-learning system based on historical data},
  journal = {Knowledge-Based Systems},
  year    = {2013},
}

@Article{Chughtai2013,
  author  = {W Chughtai and A Selama and I Ghani},
  title   = {Short systematic review on e-learning recommender systems},
  journal = {Journal of Theoretical \& Applied Information Technology},
  year    = {2013},
}

@Article{Dwivedi2013,
  author  = {P Dwivedi and K Bharadwaj},
  title   = {Effective trust-aware e-learning recommender system based on learning styles and knowledge levels},
  journal = {Educational Technology \& Society},
  year    = {2013},
}

@Electronic{Office2013,
  author = {Office of Educational Technology},
  year   = {2013},
  title  = {Expanding evidence approaches for learning in a digital world},
  url    = {http://tech.ed.gov/files/2013/02/Expanding-Evidence-Approaches.pdf},
}

@Article{lucas2012,
  author  = {J Lucas and S Segrera and M Moreno},
  title   = {Making use of associative classifiers in order to alleviate typical drawbacks in recommender systems},
  journal = {Expert Systems With Applications},
  year    = {2012},
}

@Article{Romero2009,
  author  = {C Romero and S Ventura and A Zafra and P de Bra},
  title   = {Applying Web usage mining for personalizing hyperlinks in Web-based adaptive educational systems},
  journal = {Computer and Education},
  year    = {2009},
}

@Book{Schafer2005,
  title     = {The application of data mining to recommender systems},
  publisher = {Hershey, PA: Idea Group},
  year      = {2005},
  author    = {J Schafer},
  editor    = {J Wang},
}

@Article{Winoto2012,
  author  = {P Winoto and T Tang and G McCalla},
  title   = {Contexts in a paper recommendation system with collaborative filtering},
  journal = {International Review of Research in Open and Distance Learning},
  year    = {2012},
}

@Comment{jabref-meta: databaseType:bibtex;}
