% Encoding: UTF-8

@Article{Ausubel1980,
  author  = {D.P. Ausubel},
  title   = {Schemata, cognitive structure, and advance organizers: A reply to Anderson, Spiro, and Anderson},
  journal = {Journal of American Educational Research},
  year    = {1980},
}

@Article{Lalley2009,
  author  = {J.P. Lalley and J.R. Gentile},
  title   = {Adapting instruction to individuals: Based on the evidence, what should it mean?},
  journal = {International Journal of Teaching and Learning in Higher Education},
  year    = {2009},
}

@Book{Hopkins1998,
  title     = {Educational and psychological measurement and evaluation},
  publisher = {Boston, MA: Allyn \& Bacon},
  year      = {1998},
  author    = {K.D. Hopkins},
}

@Article{Merrill2002,
  author  = {M.D. Merrill},
  title   = {First principles of instruction},
  journal = {Educational Technology Research and Development},
  year    = {2002},
}

@Article{Milhelm1991,
  author  = {W.D. Milhelm and B.L. Martin},
  title   = {Theoretical bases for the use of learner control: Three different perspectives},
  journal = {Journal of Computer-Based Instruction},
  year    = {1991},
}

@InBook{Park2004,
  chapter   = {Adaptive instructional systems},
  pages     = {651-684},
  title     = {Handbook of research on educational communications and technology},
  publisher = {Mahwah, NJ: Lawrence Erlbaum.},
  year      = {2004},
  author    = {O. Park and J. Lee},
  editor    = {D.H.Jonanssen},
}

@Article{Pashler2008,
  author  = {H. Pashler and M. McDaniel and D. Rohrer and R. Bjork},
  title   = {Learning styles: Concepts and evidence},
  journal = {Psychological Science in the Public Interest},
  year    = {2008},
}

@Article{Vandewaetere2011,
  author  = {M. Vandewaetere and P. Desmet and G. Clarebout},
  title   = {The contribution of learner characteristics in the development of computer-based adaptive learning environments},
  journal = {Computers in Human Behavior},
  year    = {2011},
}

@Article{Aleven2002,
  author  = {V.A. Aleven and K.R. Koedinger},
  title   = {An effective metacognitive strategy: Learning by doing and explaining with a computer-based cognitive tutor},
  journal = {Cognitive Science},
  year    = {2002},
}

@Article{Brusilovsky2007,
  author  = {P. Brusilovsky and E. Millan},
  title   = {User models for adaptive hypermedia and adaptive educational systems},
  journal = {Lecture Notes in Computer Science},
  year    = {2007},
}

@Article{Graf2013,
  author  = {S. Graf and KInshuk},
  title   = {Dynamic student modelling of learning styles for advanced adaptivity in learning management systems},
  journal = {International Journal of Information Systems and Social Change},
  year    = {2013},
}

@Article{Kinshuk2006,
  author  = {Kinshuk and T. Lin and P. McNab},
  title   = {Cognitive trait modelling: The case of inductive reasoning ability},
  journal = {Innovations in Education and Teaching International},
  year    = {2006},
}

@Article{Paramythis2004,
  author  = {A. Paramythis and S. Loidl-Reisinger},
  title   = {Adaptive learning environments and e-learning standards},
  journal = {Electronic Journal of eLearning},
  year    = {2004},
}

@InBook{Shute2012,
  chapter   = {Adaptive educational systems},
  pages     = {7-27},
  title     = {Adaptive technologies for training and education},
  publisher = {New York, NY: Cambridge University Press},
  year      = {2012},
  author    = {V.J. Shute and D. Zapata-Rivera},
  editor    = {P. Durlach},
}

@Comment{jabref-meta: databaseType:bibtex;}
