% Encoding: UTF-8

@InBook{Anderson2008,
  chapter   = {Teaching in an online learning context},
  pages     = {343-366},
  title     = {Theory and practice of online learning},
  publisher = {Edmonton, AB, Canada: AU Press.},
  year      = {2008},
  author    = {Terry Anderson},
}

@Article{Baker2009,
  author  = {Ryan Baker and Kalina Yacef},
  title   = {The state of educational data mining in 2009: A review and future visions.},
  journal = {Journal of Educational Data Mining},
  year    = {2009},
}

@Article{Berland2014,
  author  = {Matthew Berland and Ryan Baker and Paulo Blikstein},
  title   = {Educational data mining and learning analytics: Applications to constructionist research},
  journal = {Technology, Knowledge and Learning},
  year    = {2014},
}

@Article{Cormier2010,
  author  = {Dave Cormier and George Siemens},
  title   = {The open course: Through the open door: Open courses as research, learning and engagement.},
  journal = {Educause Review},
  year    = {2010},
}

@Article{Klobas2010,
  author  = {Jane Klobas and Tanya McGill},
  title   = {The role of involvement in learning management system success},
  journal = {Journal of Computing in Higher Education},
  year    = {2010},
}

@Book{Spector2014,
  title     = {Handbook of research on educational communications and technology},
  publisher = {New York, NY: Springer},
  year      = {2014},
  author    = {M. Spector and M. Merrill and J. Elen},
  editor    = {M. Bishop},
}

@Article{Spector2013,
  author  = {M. Spector},
  title   = {Emerging educational technologies: Tensions and synergy},
  journal = {Journal of King Saud University–Computer and Information Sciences},
  year    = {2013},
}

@Article{Boyd2012,
  author  = {D. Boyd and K. Crawford},
  title   = {Critical Questions for Big Data. Provocations for a Cultural, Technological, and Scholarly Phenomenon, Information},
  journal = {Communication and Society},
  year    = {2012},
}

@Conference{Drachler2012,
  author    = {H. Drachler and G. Wolfgang},
  title     = {Confidence in Learning Analytics},
  booktitle = {Learning Analytics and Knowledge 2012 Conference, Vancouver, Canada, April 29–May 2.},
  year      = {2012},
}

@TechReport{Eynon2012,
  author      = {R. Eynon and A. Geniets},
  title       = {On the Periphery? Understanding Low and Discontinued Internet Use Amongst Young People in Britain.},
  institution = {Nominet Trust, Oxford, UK},
  year        = {2012},
}

@Book{Manyika2011,
  title     = {Big Data: The Next Frontier for Innovation, Competition, and Productivity},
  publisher = {McKinsey: McKinsey Global Institute},
  year      = {2011},
  author    = {J. Manyika and M. Chui and B. Brown and J. Bughin and R. Dobbs and C. Roxburgh and A. Hung},
}

@Book{Robins1989,
  title     = {The Technical Fix: Education, Computers and Industry.},
  publisher = {New York: Macmillan},
  year      = {1989},
  author    = {K. Robins and F. Webster},
}

@Comment{jabref-meta: databaseType:bibtex;}

