% Encoding: UTF-8

@InBook{,
  chapter   = {Teaching in an online learning context},
  pages     = {343-366},
  title     = {Theory and practice of online learning},
  publisher = {Edmonton, AB, Canada: AU Press.},
  year      = {2008},
  author    = {Terry Anderson},
}

@Article{,
  author  = {Ryan Baker and Kalina Yacef},
  title   = {The state of educational data mining in 2009: A review and future visions.},
  journal = {Journal of Educational Data Mining},
  year    = {2009},
}

@Article{,
  author  = {Matthew Berland and Ryan Baker and Paulo Blikstein},
  title   = {Educational data mining and learning analytics: Applications to constructionist research},
  journal = {Technology, Knowledge and Learning},
  year    = {2014},
}

@Article{,
  author  = {Dave Cormier and George Siemens},
  title   = {The open course: Through the open door: Open courses as research, learning and engagement.},
  journal = {Educause Review},
  year    = {2010},
}

@Article{,
  author  = {Jane Klobas and Tanya McGill},
  title   = {The role of involvement in learning management system success},
  journal = {Journal of Computing in Higher Education},
  year    = {2010},
}

@Book{,
  title     = {Handbook of research on educational communications and technology},
  publisher = {New York, NY: Springer},
  year      = {2014},
  author    = {M. Spector and M. Merrill and J. Elen},
  editor    = {M. Bishop},
}

@Article{,
  author  = {M. Spector},
  title   = {Emerging educational technologies: Tensions and synergy},
  journal = {Journal of King Saud Universityâ€“Computer and Information Sciences},
  year    = {2013},
}

@Comment{jabref-meta: databaseType:bibtex;}
